@misc{turner_1985_miranda,
  author = {Turner, David},
  month = {09},
  title = {Miranda system manual},
  url = {https://www.cs.kent.ac.uk/people/staff/dat/miranda/manual/},
  urldate = {2023-12-03},
  year = {1985},
  organization = {www.cs.kent.ac.uk}
}

@misc{wikipedia_2023_miranda,
  author = {Wikipedia},
  month = {11},
  title = {Miranda (Programming Language)},
  url = {https://en.wikipedia.org/wiki/Miranda_(programming_language)},
  urldate = {2023-12-03},
  year = {2023},
  organization = {Wikipedia}
}

@book{clack_2011_programming,
  author = {Clack, Chris and Myers, Colin and Poon, Ellen},
  month = {08},
  title = {Programming with Miranda},
  url = {http://www0.cs.ucl.ac.uk/teaching/3C11/book/Ch1-2.pdf},
  urldate = {2023-12-01},
  year = {2011}
}

@misc{glynn_1999_haskell,
  author = {Glynn, Kevin and Pope, Bernard},
  title = {Haskell for Miranda Programmers},
  url = {https://www.berniepope.id.au/assets/files/mira2hask.pdf},
  urldate = {2023-12-03},
  year = {1999}
}

@misc{cse,
  title = {CSE 341 -- Miranda},
  url = {https://courses.cs.washington.edu/courses/cse341/06au/miranda/miranda-basics.html},
  urldate = {2023-12-03},
  organization = {courses.cs.washington.edu}
}

@misc{wikipedia_2021_lazy,
  author = {Wikipedia},
  month = {07},
  title = {Lazy evaluation},
  url = {https://en.wikipedia.org/wiki/Lazy_evaluation},
  year = {2021},
  organization = {Wikipedia}
}

@misc{lfeteam_documentation,
  author = {Team LFE},
  title = {LFE Documentation},
  url = {https://lfe.io/learn/},
  urldate = {2023-12-08}, 
  year = {2023},
  organization = {lfe.io}
}